@Article{kasia1,
author = {Paul D. Wilcox},
title = {A Rapid Signal Processing Technique to Remove the Effect of Dispersion from Guided Wave Signals},
journal = {ieee transactions on ultrasonics, ferroelectrics, and frequency control},
year = {2003},
month = {kwiecień},
volume = {50},
number = {4},
pages = {419-427}
}

@Article{kasia,
author = {A. K. Mal and P. C. Xu and Y. Barcohen},
title = {Leaky Lamb waves for
the ultrasonic nondestructive evaluation of adhesive bonds},
journal = {J.Eng. Mater. Technol.-Trans. ASME},
year = {1990},
volume = {112},
number = {3},
pages = {255–259}
}

@Article{kasia2,
author = {P. Wilcox and M. Lowe and P. Cawley},
title = {The effect of dispersion on long-range inspection using ultrasonic guided waves},
journal = { NDT E Internat.},
year = {2001},
volume = {34},
number = {1},
pages = {1-9}
}

@Article{kasia3,
author = {Jing Lin and Hua Jiadong and Liang Zeng and Luo Zhi},
title = {Excitation Waveform Design for Lamb Wave Pulse Compression},
journal = {IEEE Transactions on Ultrasonics Ferroelectrics and Frequency Control},
year = {2015},
month = {listopad},
volume = {63},
number = {1},
pages = {165-177}
}

@Article{kasia4,
author = {D.N. Alleyne and T.P. Pialucha and P. Cawley},
title = {A signal regeneration technique for long-range propagation of dispersive Lamb waves},
journal = {Ultrasonics},
year = {1993},
month = {maj},
volume = {31},
number = {3},
pages = {201-204}
}

@Article{kasia5,
author = {L. Liu and F. G. Yuan},
title = {A Linear Mapping Technique for Dispersion Removal of Lamb Waves},
journal = {Structural Health Monitoring},
year = {2010},
volume = {9},
number = {1},
pages = {1-12}
}

@Article{kotwy,
author = {Tadeusz STEPINSKI and Karl-Johan MATSSON},
title = {Rock Bolt Inspection by Means of RBT Instrument},
journal = {19 th World Conference on Non-Destructive Testing},
year = {2016}
}

@Article{bartek_wolny,
author = {S. Wolny, A.Siemieniec},
title = {Wytrzymałość materiałów},
year = {2002},
pages = {1-41}
}

@Article{bartek_rose,
author = {J. L. Rose},
title = {Ultrasonic Guided Waves in
Solid Media},
year = {2014},
pages = {1-39, 77-106, 120-133, 155-171}
}

@Article{bartek_nazarchuk,
author = {Z. Nazarchuk, V.Skalskyi, O. Serhiyenko},
title = {Acoustic Emission, Methodology and Applications},
year = {2017},
pages = {29-69}
}

@Article{bartek_feruza,
author = {F. Abdukadirovna Amirkulova},
title = {Dispersion relations for elastic waves in plates and rods},
year = {2011},
pages = {29-69}
}

@Article{bartek_cervena,
author = {O. Cervena, P. Hora},
title = {The problems at investigation of state of stress of thick orthotropic plate},
journal = {Applied and Computational Mechanics},
year = {2007},
volume = {1},
number = {1},
pages = {11-20}
}

@Article{bartek_tian,
author = {Z. Tian, L. Yu},
title = {Lamb wave frequency–wavenumber analysis and decomposition},
journal = {Journal of Intelligent Material Systems and Structures},
year = {2014},
volume = {25},
pages = {1107 - 1123}
}

@Article{bartek_valsamos,
author = {G. Valsamosa, F. Casadeia, G. Solomosa},
title = {A numerical study of wave dispersion curves in cylindrical rods
with circular cross-section},
journal = {Applied and Computational Mechanics},
year = {2013},
volume = {7},
pages = {99–114}
}

@Article{bartek_kijanka,
author = {P. Kijanka, W. J. Staszewski, P. Packo},
title = {Generalised semi-analytical method for excitability curves calculation and numerical modal amplitude analysis for Lamb waves},
journal = {Structural Control and Health Monitoring},
year = {2018},
volume = {25}
}


@Article{bartek_fabien,
author = { F. Treyssède,L. Laguerre},
title = {Numerical and analytical calculation of modal excitability for elastic wave generation in lossy waveguides},
journal = {The Journal of the Acoustical Society of America},
year = {2013},
volume = {133},
pages = {3827-3837}
}

@Article{bartek_kwach,
author = {J. Kwasniewski ,I. Dominik, K.Lalik},
title = {A self-excited acoustical system for stress measurement in a cement plant},
journal = {Mechanics and Control},
year = {2012},
volume = {31},
number = {1},
pages = {29-34}
}

@Article{bartek_kwach2,
author = {J. Kwasniewski, I. Dominik, K.Lalik},
title = {Harmonic Analysis of Self-Excited Acoustical System for Stress
Changes Measurement in Compressed Steel Structural Section},
journal = {Solid State Phenomena},
year = {2013},
volume = {198},
pages = {639-644}
}

@Article{bartek_piezo,
author = {https://www.americanpiezo.com},
year = {2018}
}

@Article{bartek_srodka,
author = {W. Śródka},
title = {Trzy lekcje metody elementów skończonych},
year = {2004},
}

@Article{bartek_gavin,
author = {H. P. Gavin},
title = {Structural Element Stiffness, Mass, and Damping Matrices},
year = {2018},
}

@Article{bartek_pointer,
author = {J. Pointer},
title = {Understanding Accuracy and Discretization Error in an
FEA Model},
}

@Article{bartek_erke,
author = {E. Wang, T. Nelson, R. Rauch},
title = {Back to Elements - Tetrahedra vs. Hexahedra},
year = {2018},
}

@Article{bartek_fala_podluzna,
author = {http://www.moskat.pl/szkola/fizyka/drgania\_i\_fale.php?id=wielkosci\_opisujace\_fale},
year = {2018}
}

@Article{bartek_fala_lowa,
author = {https://fitz6.wordpress.com/2018/05/16/wednesday-may-16th-north-america-earthquakes-and-test-postponed-until-tomorrow/types-of-seismic1/},
year = {2018}
}

@Article{bartek_crecraft,
author = {D. I. Crecraft},
title = {The Measurement of Applied and Residual Stresses in Metal Using Ultrasonic Waves},
}

